@article{Weizenbaum1966,
 author = {Weizenbaum, Joseph},
 groups = {public},
 issn = {0001-0782},
  journal = {Communications of the ACM},
  month = 1,  
  number = 1,
  pages = {36--45},
  title = {{ELIZA}---A Computer Program for the Study of Natural Language Communication between Man and Machine},
  volume = 9,
  year = 1966
}
@book{Beyer2009,
 ISBN = {9780262517263},
 author = {Beyer, Kurt},
 publisher = {MIT Press},
 title = {Grace Hopper and the Invention of the Information Age},
 year = {2009}
}
@book{Knuth1984,
     ISBN = {0201134489},
     author = "Donald E. Knuth",
     title = "The {\TeX}book",
     publisher = "Addison-Wesley",
     year = "1984",
}
@book{CarrollLewis1904,
publisher = {Frederick A. Stokes Co.},
year = {1904},
title = {Alice's adventures in Wonderland},
address = {New York},
author = {Carroll, Lewis},
}


